
@book{stix2012the,
  author = {Stix, Michael},
  month = {12},
  publisher = {Springer Science and Business Media},
  title = {The Sun: An Introduction},
  url = {https://books.google.de/books?id=oSrqCAAAQBAJ&printsec=frontcover&source=gbs_ge_summary_r&cad=0#v=onepage&q&f=false},
  urldate = {2022-06-07},
  year = {2012},
  organization = {Google Books}
}