@article{liu_2011_solar,
  author = {Liu, LiBo and Wan, WeiXing and Chen, YiDing and Le, HuiJun},
  month = {04},
  pages = {1202-1211},
  title = {Solar activity effects of the ionosphere: A brief review},
  doi = {10.1007/s11434-010-4226-9},
  urldate = {2022-04-11},
  volume = {56},
  year = {2011},
  journal = {Chinese Science Bulletin}
}

@article{svalgaard_2013_solar,
  author = {Svalgaard, Leif},
  pages = {A24},
  title = {Solar activity – past, present, future},
  doi = {10.1051/swsc/2013046},
  urldate = {2022-04-11},
  volume = {3},
  year = {2013},
  journal = {Journal of Space Weather and Space Climate}
}

@article{sarris_2019_understanding,
  author = {Sarris, Theodore E.},
  month = {05},
  pages = {20180101},
  title = {Understanding the ionosphere thermosphere response to solar and magnetospheric drivers: status, challenges and open issues},
  doi = {10.1098/rsta.2018.0101},
  urldate = {2022-04-11},
  volume = {377},
  year = {2019},
  journal = {Philosophical Transactions of the Royal Society A: Mathematical, Physical and Engineering Sciences}
}

@misc{camalan_2006_the,
  author = {Camalan, Mehmet},
  month = {07},
  title = {The Importance of Ionosphere in Radio Communication - The Fountain Magazine | The Fountain Magazine},
  url = {https://fountainmagazine.com/2006/issue-55-july-september-2006/the-importance-of-ionosphere-in-radio-communication},
  urldate = {2022-04-11},
  year = {2006},
  organization = {fountainmagazine.com}
}

@article{rodger_2000_ionospheric,
  author = {Rodger, A.S and Jarvis, M.J},
  month = {11},
  pages = {1629-1645},
  title = {Ionospheric research 50 years ago, today and tomorrow},
  doi = {10.1016/s1364-6826(00)00116-4},
  urldate = {2020-12-08},
  volume = {62},
  year = {2000},
  journal = {Journal of Atmospheric and Solar-Terrestrial Physics}
}

@article{tapping_2013_the,
  author = {Tapping, K. F.},
  month = {07},
  pages = {394-406},
  title = {The 10.7 cm solar radio flux (<i>F</i><sub>10.7</sub>)},
  doi = {10.1002/swe.20064},
  urldate = {2022-04-11},
  volume = {11},
  year = {2013},
  journal = {Space Weather}
}

@article{singh_2021_statistical,
  author = {Singh, Abha and Patel, Kalpana},
  pages = {197-200},
  title = {Statistical Study of Solar Activity Parameters of Solar Cycle 24},
  doi = {10.37398/jsr.2021.650125},
  volume = {65},
  year = {2021},
  journal = {Journal of scientific research}
}

@article{yadav_2015_agile,
  author = {Yadav, Abhilasha },
  month = {03},
  title = {AGILE: Software development model},
  url = {https://www.academia.edu/17537118/AGILE_Software_development_model},
  volume = {3},
  year = {2015},
  journal = {www.academia.edu}
}

@book{shmueli_2016_practical,
  author = {Shmueli, G and Lichtendahl, K.C},
  publisher = {Axelrod Schnall Publishers},
  title = {Practical time series forecasting with r: A hands-on guide [2nd edition]},
  url = {https://books.google.de/books?id=qxWXDwAAQBAJ},
  year = {2016}
}

@article{senthilnathan_2019_usefulness,
  author = {Senthilnathan, Samithamby},
  month = {07},
  title = {Usefulness of correlation analysis},
  doi = {10.2139/ssrn.3416918},
  year = {2019},
  journal = {SSRN Electronic Journal}
}

@article{waskom_2021_seaborn,
  author = {Waskom, Michael},
  month = {04},
  pages = {3021},
  title = {seaborn: statistical data visualization},
  doi = {10.21105/joss.03021},
  urldate = {2022-05-23},
  volume = {6},
  year = {2021},
  journal = {Journal of Open Source Software}
}

@article{vandervelden_2020_cmasher,
  author = {van der Velden, Ellert},
  month = {02},
  pages = {2004},
  title = {CMasher: Scientific colormaps for making accessible, informative and 'cmashing' plots},
  doi = {10.21105/joss.02004},
  urldate = {2022-05-24},
  volume = {5},
  year = {2020},
  journal = {Journal of Open Source Software}
}

@book{kotu_2018_data,
  author = {Kotu, Vijay and Deshpande, Bala},
  month = {11},
  publisher = {Morgan Kaufmann},
  title = {Data Science: Concepts and Practice},
  url = {https://books.google.de/books?hl=en&lr=&id=-nt8DwAAQBAJ&oi=fnd&pg=PP1&dq=data+science+file+formats&ots=o92m2fMA1V&sig=4Y-bq32AP85b-IGYZUh42qbmhL4&redir_esc=y#v=onepage&q=data%20science%20file%20formats&f=false},
  urldate = {2022-05-24},
  year = {2018},
  organization = {Google Books}
}

@book{stix2012the,
  author = {Stix, Michael},
  month = {12},
  publisher = {Springer Science & Business Media},
  title = {The Sun: An Introduction},
  url = {https://books.google.de/books?id=oSrqCAAAQBAJ&printsec=frontcover&source=gbs_ge_summary_r&cad=0#v=onepage&q&f=false},
  urldate = {2022-06-07},
  year = {2012},
  organization = {Google Books}
}